% Encoding: UTF-8

@WWW{pybayes-doc,
  author = {Matej Laitl},
  title  = {PyBayes},
  year   = {2012},
  date   = {2012-03-30},
  url    = {http://strohel.github.io/PyBayes-doc/README.html#about},
}

@InProceedings{Julier1997,
  author    = {Simon J. Julier and Jeffrey K. Uhlmann},
  title     = {New extension of the Kalman filter to nonlinear systems},
  booktitle = {Signal Processing, Sensor Fusion, and Target Recognition {VI}},
  year      = {1997},
  editor    = {Ivan Kadar},
  publisher = {{SPIE}},
  month     = {jul},
  doi       = {10.1117/12.280797},
}

@InCollection{Fernandez-Villaverde2010,
  author    = {Jes{\'{u}}s Fern{\'{a}}ndez-Villaverde},
  title     = {Kalman and particle filtering},
  booktitle = {Macroeconometrics and Time Series Analysis},
  year      = {2010},
  publisher = {Palgrave Macmillan {UK}},
  pages     = {151--157},
  doi       = {10.1057/9780230280830_17},
}

@Misc{bfl-url,
  author       = {Gadeyne, Klaas},
  title        = {{BFL}: {B}ayesian {F}iltering {L}ibrary},
  year         = {2001},
  howpublished = {\url{http://www.orocos.org/bfl}},
}

@Article{Julier2004,
  author    = {S.J. Julier and J.K. Uhlmann},
  title     = {Unscented Filtering and Nonlinear Estimation},
  journal   = {Proceedings of the {IEEE}},
  year      = {2004},
  volume    = {92},
  number    = {3},
  month     = {mar},
  pages     = {401--422},
  doi       = {10.1109/jproc.2003.823141},
  publisher = {Institute of Electrical and Electronics Engineers ({IEEE})},
}

@WWW{filterpy-doc,
  author = {Roger R Labbe},
  title  = {FilterPy},
  year   = {2018},
  date   = {2018-04-17},
  url    = {https://filterpy.readthedocs.io/en/latest/index.html#},
}

@WWW{harveen-ekf,
  author = {Harveen Singh},
  title  = {Extended Kalman Filter: Why do we need an Extended Version?},
  year   = {2018},
  date   = {2018-04-07},
  url    = {https://towardsdatascience.com/extended-kalman-filter-43e52b16757d},
}

@Misc{shankar-LMM,
  author = {Varun Shankar},
  title  = {Linear Multistep Methods I: Adams and BDF Methods},
  year   = {2016},
  date   = {2016-01-01},
}

@WWW{cheever-rk4,
  author = {Erik Cheever},
  title  = {Fourth Order Runge-Kutta},
  year   = {2017},
  date   = {2017-05-03},
  url    = {http://lpsa.swarthmore.edu/NumInt/NumIntFourth.html},
}

@WWW{weisstein-spline,
  author = {Weisstein, Eric W},
  title  = {Cubic Spline},
  year   = {2018},
  date   = {2018-11-02},
  url    = {http://mathworld.wolfram.com/CubicSpline.html},
}

@Comment{jabref-meta: databaseType:biblatex;}
