@TECHREPORT{graphslam,
  title={A Tutorial on Graph-Based SLAM},
  author={Giorgio Grisetti, Rainer Kummerle, Cyrill Stachniss, Wolfram Burgard},
  url={http://www2.informatik.uni-freiburg.de/~stachnis/pdf/grisetti10titsmag.pdf},
  institution={University of Freiburg},
  year={2010}
}
@TECHREPORT{g2o,
  title={g2o: A General Framework for Graph Optimization},
  author={Rainer Kummerle, Giorgio Grisetti, Hauke Strasdat, Kurt Konolige, Wolfram Burgard},
  url={http://ais.informatik.uni-freiburg.de/publications/papers/kuemmerle11icra.pdf},
  year={2011}
}
@ONLINE{ssa,
  title = {SSA: Sparse Surface Adjustment 2D},
  author = {Kudan},
  url = {https://openslam-org.github.io/ssa2d.html},
  year={2011}
}
@TECHREPORT{lago,
  title={A fast and accurate approximation for planar pose graph optimization},
  author={Luca Carlone, Rosario Aragues, Jos√© A. Castellanos and Basilio Bona},
  url={https://journals.sagepub.com/doi/abs/10.1177/0278364914523689},
  year={2014}
}
@MISC{mathworks,
    title = {turtlebot using a monte carlo localization},
    author = {mathworks},
    url = {https://jp.mathworks.com/help/robotics/examples/localize-turtlebot-using-monte-carlo-localization.html},
    year={2010}
}
