@online{Kudan,
  author = {Kudan},
  title = {An Introduction to Simultaneous Localization and Mapping},
  year = 2016,
  url = {https://www.kudan.eu/kudan-news/an-introduction-to-slam/},
  urldate = {2018-10-10}
}
