@TECHREPORT{graphslam,
  title={A Tutorial on Graph-Based SLAM},
  author={Giorgio Grisetti, Rainer Kummerle, Cyrill Stachniss, Wolfram Burgard},
  url={http://www2.informatik.uni-freiburg.de/~stachnis/pdf/grisetti10titsmag.pdf},
  institution={University of Freiburg}
}
@TECHREPORT{g2o,
  title={g2o: A General Framework for Graph Optimization
},
  author={Rainer Kummerle, Giorgio Grisetti, Hauke Strasdat, Kurt Konolige, Wolfram Burgard},
  url={http://ais.informatik.uni-freiburg.de/publications/papers/kuemmerle11icra.pdf},
}
@online{ssa,
  author = {Kudan},
  title = {SSA: Sparse Surface Adjustment 2D},
  url = {https://openslam-org.github.io/ssa2d.html},
}
@TECHREPORT{lago,
  title={A fast and accurate approximation for
planar pose graph optimization
},
  author={Luca Carlone, Rosario Aragues, Jos√© A. Castellanos and Basilio Bona},
  url={http://citeseerx.ist.psu.edu/viewdoc/download?doi=10.1.1.821.8676&rep=rep1&type=pdf},
}
